<?xml version="1.0" encoding="utf-8"?>
<record xmlns="http://www.loc.gov/MARC21/slim" xmlns:xsi="http://www.w3.org/2001/XMLSchema-instance" xsi:schemaLocation="http://www.loc.gov/MARC21/slim http://www.loc.gov/standards/marcxml/schema/MARC21slim.xsd">
	<leader>     nam a22     Mi 4500</leader>
	<controlfield tag="001">b12964591</controlfield>
	<controlfield tag="003">UaCaAUL</controlfield>
	<controlfield tag="006">m        d        </controlfield>
	<controlfield tag="007">cr cn |||m|||a</controlfield>
	<controlfield tag="008">180419s1906    ua      o     000 0 ara d</controlfield>
	<datafield ind1=" " ind2=" " tag="040">
		<subfield code="a">ZYU</subfield>
		<subfield code="b">eng</subfield>
		<subfield code="e">rda</subfield>
		<subfield code="c">ZYU</subfield>
	</datafield>
	<datafield ind1=" " ind2=" " tag="043">
		<subfield code="a">aw-----</subfield>
		<subfield code="a">ff-----</subfield>
		<subfield code="a">e-sp---</subfield>
	</datafield>
	<datafield ind1=" " ind2="4" tag="050">
		<subfield code="a">BJ2019.5.I8</subfield>
		<subfield code="b">W3 1906</subfield>
	</datafield>
	<datafield ind1=" " ind2=" " tag="090">
		<subfield code="a">BJ2019.5.I8</subfield>
		<subfield code="b">W3 1906</subfield>
	</datafield>
	<datafield ind1="1" ind2=" " tag="100">
		<subfield code="6">880-01</subfield>
		<subfield code="a">Washshāʼ, Muḥammad ibn Isḥāq ibn Yaḥyá,</subfield>
		<subfield code="d">-936.</subfield>
	</datafield>
	<datafield ind1="1" ind2="0" tag="240">
		<subfield code="6">880-02</subfield>
		<subfield code="a">Ẓurf wa-al-ẓurafāʻ</subfield>
	</datafield>
	<datafield ind1="1" ind2="0" tag="245">
		<subfield code="6">880-03</subfield>
		<subfield code="a">Kitāb al-ẓurf wa-al-ẓurafāʼ /</subfield>
		<subfield code="c">taʼlīf Abī al-ṭayyib Muḥammad bin Isḥāq bin Yaḥyá al-Washshāʼ aḥad aʼimmat al-adab fī al-qarn al-thālith.</subfield>
	</datafield>
	<datafield ind1="3" ind2=" " tag="246">
		<subfield code="6">880-04</subfield>
		<subfield code="a">Kitāb al-ẓarf wa-al-ẓurafāʼ</subfield>
	</datafield>
	<datafield ind1="3" ind2=" " tag="246">
		<subfield code="6">880-05</subfield>
		<subfield code="a">Ẓarf wa-al-ẓurafāʼ</subfield>
	</datafield>
	<datafield ind1=" " ind2=" " tag="250">
		<subfield code="6">880-06</subfield>
		<subfield code="a">al-Ṭabʻah al-ūlá.</subfield>
	</datafield>
	<datafield ind1=" " ind2="1" tag="264">
		<subfield code="6">880-07</subfield>
		<subfield code="a">Miṣr :</subfield>
		<subfield code="b">al-Maṭbaʻah al-Ḥusaynīyah al-Miṣrīyah,</subfield>
		<subfield code="c">1324 [1906]</subfield>
	</datafield>
	<datafield ind1=" " ind2=" " tag="300">
		<subfield code="a">online resource (159 pages)</subfield>
	</datafield>
	<datafield ind1=" " ind2=" " tag="336">
		<subfield code="a">text</subfield>
		<subfield code="2">rdacontent</subfield>
	</datafield>
	<datafield ind1=" " ind2=" " tag="337">
		<subfield code="a">computer</subfield>
		<subfield code="2">rdamedia</subfield>
	</datafield>
	<datafield ind1=" " ind2=" " tag="338">
		<subfield code="a">online resource</subfield>
		<subfield code="2">rdacarrier</subfield>
	</datafield>
	<datafield ind1=" " ind2=" " tag="500">
		<subfield code="6">880-08</subfield>
		<subfield code="a">ʻAlá nafaqat Aḥmad Nājī al-Jamālī wa-Muḥammad Amīn al-Khānjī al-Kutubī wa-akhīh.</subfield>
	</datafield>
	<datafield ind1=" " ind2=" " tag="500">
		<subfield code="6">880-09</subfield>
		<subfield code="a">Ṭubiʻa bi-al-Maṭbaʻah al-Ḥusaynīyah al-Miṣrīyah al-shahīrah allatī markazahā (bi-Kafr al-Ṭammāʻīn) bi-qurb al-mashāhid al-Ḥusaynīyah al-zāhirah al-munīrah, idārat Muḥammad ʻAbd al-Laṭīf al-Khaṭīb.</subfield>
	</datafield>
	<datafield ind1=" " ind2=" " tag="500">
		<subfield code="6">880-10</subfield>
		<subfield code="a">Nushira ayḍan taḥta ʻunwān al-Muwashshá.</subfield>
	</datafield>
	<datafield ind1=" " ind2=" " tag="500">
		<subfield code="a">Part of the Arabic Collections Online (ACO) project, contributed by American University in Cairo Library.</subfield>
	</datafield>
	<datafield ind1=" " ind2=" " tag="533">
		<subfield code="a">Electronic reproduction.</subfield>
		<subfield code="b">New York, N.Y. :</subfield>
		<subfield code="c">New York University,</subfield>
		<subfield code="d">2018.</subfield>
		<subfield code="5">NNU</subfield>
	</datafield>
	<datafield ind1=" " ind2="0" tag="650">
		<subfield code="a">Islamic etiquette</subfield>
		<subfield code="v">Early works to 1800.</subfield>
	</datafield>
	<datafield ind1=" " ind2="0" tag="650">
		<subfield code="a">Etiquette</subfield>
		<subfield code="z">Islamic Empire</subfield>
		<subfield code="v">Early works to 1800.</subfield>
	</datafield>
	<datafield ind1=" " ind2="0" tag="651">
		<subfield code="a">Islamic Empire</subfield>
		<subfield code="x">Social life and customs</subfield>
		<subfield code="v">Early works to 1800.</subfield>
	</datafield>
	<datafield ind1="2" ind2=" " tag="710">
		<subfield code="a">American University in Cairo.</subfield>
		<subfield code="b">Library.</subfield>
	</datafield>
	<datafield ind1="0" ind2=" " tag="730">
		<subfield code="a">Arabic Collections Online.</subfield>
	</datafield>
	<datafield ind1="3" ind2="2" tag="740">
		<subfield code="6">880-11</subfield>
		<subfield code="a">al-Muwashshá.</subfield>
	</datafield>
	<datafield ind1="0" ind2="8" tag="776">
		<subfield code="i">Print version:</subfield>
		<subfield code="a">Washshāʼ, Muḥammad ibn Isḥāq ibn Yaḥyá, -936.</subfield>
		<subfield code="t">Kitāb al-ẓurf wa-al-ẓurafāʼ</subfield>
		<subfield code="w">(UaCaAUL)b12964591</subfield>
	</datafield>
	<datafield ind1="4" ind2="0" tag="856">
		<subfield code="u">http://hdl.handle.net/2333.1/f7m0cnjg</subfield>
	</datafield>
	<datafield ind1="1" ind2=" " tag="880">
		<subfield code="6">100-01</subfield>
		<subfield code="a">وشاء، محمد بن اسحاق بن يحيى،</subfield>
		<subfield code="d">-936.</subfield>
	</datafield>
	<datafield ind1="1" ind2="0" tag="880">
		<subfield code="6">240-02</subfield>
		<subfield code="a">الظرف والظرفاء</subfield>
	</datafield>
	<datafield ind1="1" ind2="0" tag="880">
		<subfield code="6">245-03</subfield>
		<subfield code="a">كتاب الظرف والظرفاء /‪</subfield>
		<subfield code="c">تأليف أبي الطيب محمد بن اسحاق بن يحيى الوشاء أحد أئمة الادب في القرن الثالث.</subfield>
	</datafield>
	<datafield ind1="3" ind2=" " tag="880">
		<subfield code="6">246-04</subfield>
		<subfield code="a">كتاب الظرف والظرفاء</subfield>
	</datafield>
	<datafield ind1="3" ind2=" " tag="880">
		<subfield code="6">246-05</subfield>
		<subfield code="a">ظرف والظرفاء</subfield>
	</datafield>
	<datafield ind1=" " ind2=" " tag="880">
		<subfield code="6">250-06</subfield>
		<subfield code="a">الطبعة الأولى.</subfield>
	</datafield>
	<datafield ind1=" " ind2="1" tag="880">
		<subfield code="6">264-07</subfield>
		<subfield code="a">مصر :‪</subfield>
		<subfield code="b">المطبعة الحسينية المصرية،‪</subfield>
		<subfield code="c">1324 [1906]</subfield>
	</datafield>
	<datafield ind1=" " ind2=" " tag="880">
		<subfield code="6">500-08</subfield>
		<subfield code="a">على نفقة أحمد ناجي الجمالي ومحمد أمين الخانجي الكتبي وأخيه..</subfield>
	</datafield>
	<datafield ind1=" " ind2=" " tag="880">
		<subfield code="6">500-09</subfield>
		<subfield code="a">طبع بالمطبعة الحسينية المصرية الشهيرة التي مركزها (بكفر الطماعين) بقرب المشاهد الحسينية الزاهرة المنيرة، ادارة محمد عبد اللطيف الخطيب..</subfield>
	</datafield>
	<datafield ind1=" " ind2=" " tag="880">
		<subfield code="6">500-10</subfield>
		<subfield code="a">نشر أيضا تحت عنوان الموشى..</subfield>
	</datafield>
	<datafield ind1="2" ind2="2" tag="880">
		<subfield code="6">740-11</subfield>
		<subfield code="a">الموشى.</subfield>
	</datafield>
	<datafield ind1=" " ind2=" " tag="902">
		<subfield code="a">170923</subfield>
	</datafield>
	<datafield ind1=" " ind2=" " tag="959">
		<subfield code="a">NNU</subfield>
		<subfield code="b">WEB</subfield>
		<subfield code="c">GENI</subfield>
		<subfield code="t">0</subfield>
		<subfield code="m">Electronic access</subfield>
		<subfield code="s">01</subfield>
	</datafield>
	<datafield ind1=" " ind2=" " tag="999">
		<subfield code="i">UaCaAUL_b12964591</subfield>
		<subfield code="s">auc_aco000279</subfield>
		<subfield code="e">(ERROR-880)</subfield>
		<subfield code="s">auc_aco000279</subfield>
	</datafield>
</record>
